@article{test,\n\ttitle = {Test}\n}